@misc{NoMag,
	author = {NoMagic Inc},
	url = {https://www.nomagic.com/}
}
@manual{OpenApi,
	author       = {NoMagic Inc.},
	month        = {04},
	note         = {\url{http://jdocs.nomagic.com/185/}},
	organization = {NoMagic Inc.},
	title        = {MagicDraw Open API javadoc},
	year         = {2017},
}
@manual{SysML,
	author       = {Object Management Group},
	month        = {05},
	note         = {\url{https://www.omg.org/spec/SysML/About-SysML/}},
	organization = {OMG},
	title        = {OMG System Modeling Language},
	year         = {2017},
}



